<?xml version="1.0" encoding="UTF-8"?><collection><record><leader>07194ntm a2200601 a 4500</leader><controlfield tag="001">006813678</controlfield><controlfield tag="003">MiAaHDL</controlfield><controlfield tag="005">20190719000000.0</controlfield><controlfield tag="006">m        d        </controlfield><controlfield tag="007">cr bn ---auaua</controlfield><controlfield tag="008">090606s1485    af            00| ||chg d</controlfield><datafield tag="035" ind1=" " ind2=" "><subfield code="a">(MiU)006813678</subfield></datafield><datafield tag="035" ind1=" " ind2=" "><subfield code="a">sdr-miu006813678</subfield></datafield><datafield tag="040" ind1=" " ind2=" "><subfield code="a">MiU</subfield><subfield code="c">MiU</subfield><subfield code="e">amremm</subfield></datafield><datafield tag="043" ind1=" " ind2=" "><subfield code="a">n-us-mi</subfield></datafield><datafield tag="100" ind1="0" ind2=" "><subfield code="6">880-01</subfield><subfield code="a">Alisher Navoiĭ,</subfield><subfield code="d">1441-1501.</subfield></datafield><datafield tag="240" ind1="1" ind2="0"><subfield code="6">880-02</subfield><subfield code="a">Khamsa</subfield></datafield><datafield tag="245" ind1="1" ind2="0"><subfield code="6">880-03</subfield><subfield code="a">Hamse-yi Nevai,</subfield><subfield code="f">[ca. 890, i.e. 1485].</subfield></datafield><datafield tag="246" ind1="3" ind2=" "><subfield code="i">Edge title (tail):</subfield><subfield code="a">خمسۀ نوايى</subfield></datafield><datafield tag="246" ind1="3" ind2=" "><subfield code="a">Khamsah-yi Navāʼī</subfield></datafield><datafield tag="260" ind1=" " ind2=" "><subfield code="a">[Herat,</subfield><subfield code="c">1485]</subfield></datafield><datafield tag="300" ind1=" " ind2=" "><subfield code="a">325 leaves :</subfield><subfield code="b">paper ;</subfield><subfield code="c">240 x 180 (171 x 119) mm.</subfield></datafield><datafield tag="500" ind1=" " ind2=" "><subfield code="a">Shelfmark: Ann Arbor, University of Michigan, Special Collections Library, Isl. Ms. 450</subfield></datafield><datafield tag="500" ind1=" " ind2=" "><subfield code="a">Origin: As appears in colophon at close of Saddi Iskandariĭ on p.530, copied by ʻAbd al-Salām ibn ʻAbd al-Ṣamad al-Marghīnānī al-Kāshgharī with transcription completed 16 Rajab 890 [ca. 29 July 1485] in Herat. Statement at close of Sabʺai saĭër (here entitled Haft paykar) on p.654 indicates completion in Ramaḍān 889 [September-October 1484].</subfield></datafield><datafield tag="500" ind1=" " ind2=" "><subfield code="a">Accompanying materials: a. Slip with notes in pencil on dating and copyist [from colophon on p.530] (paginated pp.1-2) -- b. Turquoise-tinted scrap with ḥadīth of the Prophet regarding inscription of the basmalah "قال رسول الله صلى الله عليه وسلم من كتب بسم الله الرحمن الرحيم وجوده فله الجنة صدق حبيب رب العالمين" (paginated pp.3-4) -- c. Recycled slip with notes (likely in hand of Winifred Smeaton Thomas) on paper types and papermaking, "Devlet Shah", etc. (paginated pp.5-6).</subfield></datafield><datafield tag="500" ind1=" " ind2=" "><subfield code="a">Former shelfmark: "504 T. De M. [i.e. Tammaro De Marinis" in pencil at close on p.654 ; "٨٩" in black ink on tail edge of text block.</subfield></datafield><datafield tag="500" ind1=" " ind2=" "><subfield code="a">Binding: Pasteboards covered in dark brown leather ; Type II binding (with flap, though now lost) ; doublures in red-brown leather with elongated central mandorla and cornerpieces in delicate filigree appliqué over blue paper as well as gold-tooled accents and border ; upper and lower covers carry gold-stamped mandorla (filled with vegetal composition reminiscent of Déroche class NSh 1), pendants, and cornerpieces as well as gold-painted accents and border in blind rules and a series of s-shaped stamps ; sewn in cream thread, two stations ; worked chevron endbands in red and cream, tab extending from spine leather (repair) protects headband, losses to tailband though core and primaries remain ; overall in somewhat poor condition with flap lost, abrasion, staining, lifting of leather, delamination of boards, opening leaf affixed to upper doublure, etc. ; repair to spine (rebacked) in brown leather.</subfield></datafield><datafield tag="500" ind1=" " ind2=" "><subfield code="a">Support: non-European laid paper with 7 laid lines per cm. (vertical, fairly distinct, some curving) and chain lines in pairs occasionally visible (see p.32, etc.), cloudy formation, somewhat thin, transluscent and crisp though dense and sturdy, cream color, well-sized and burnished ; staining and tidelines.</subfield></datafield><datafield tag="500" ind1=" " ind2=" "><subfield code="a">Decoration: Elegant illuminated headpiece at opening of each mesnevi (see incipit page of opening work and pp.108, 258, 348, 532), rectangular with central scalloped cartouche or lozenge carrying the title in gold (or black) set in a swirling arabesque (in gold, green or red), surrounded by further delicate arabesques (in green-blue and red on gold ground or gold on light blue ground) ; written area surrounded by gold frame defined by black fillets and outermost blue rule, divisions within defined by narrow gold bands ; headings and keywords rubricated.</subfield></datafield><datafield tag="500" ind1=" " ind2=" "><subfield code="a">Script: Nastaʻlīq ; elegant hand ; serifless with characteristic descent of words to baseline and superscripting of final words and letters ; elongation of horizontal strokes.</subfield></datafield><datafield tag="500" ind1=" " ind2=" "><subfield code="a">Layout: Written in 21 lines per page with written area divided to four columns ; frame-ruled.</subfield></datafield><datafield tag="500" ind1=" " ind2=" "><subfield code="a">Collation: IV (8), IV+1 (17), 3 IV(41), IV+1 (50), 9 IV(122), II (126), III+1 (133), 4 IV(165), IV-2 (171), IV-1 (178), 10 IV(258), II+1 (263), 7 IV(319), III (325) ; chiefly quinions ; catchwords present ; pagination in pencil, Western numerals, supplied during digitization (skips opening leaf now affixed to upper doublure and includes inserts).</subfield></datafield><datafield tag="500" ind1=" " ind2=" "><subfield code="a">Colophon: "Scribal," triangular, reads "توكاندى بنجشنبه كونى رجب آيى ينينك اون آلتى سيندا تاريخ سيكزيوز توقسان دا فى دار السلطنه هراة حميت عن الآفات بيتكجى سى عبد السلم ابن عبد الصمد المرغينانى ثم الكاشغرى غفر الله ذنوبهما وستر عيوبهما امين يا رب العالمين"</subfield></datafield><datafield tag="500" ind1=" " ind2=" "><subfield code="a">Incipit: "بسم الله الحرمن الرحيم رشته غه چكتى نجه دريتيم ..."</subfield></datafield><datafield tag="500" ind1=" " ind2=" "><subfield code="a">Title from ownership statements inscribed on incipit page at opening and 'title page' of each mesnevi.</subfield></datafield><datafield tag="500" ind1=" " ind2=" "><subfield code="a">Ms. codex.</subfield></datafield><datafield tag="510" ind1="4" ind2=" "><subfield code="a">Cat. Pers. MSS. Brit. Mus.,</subfield><subfield code="c">p.366</subfield></datafield><datafield tag="510" ind1="4" ind2=" "><subfield code="a">Cat. Turk. MSS. Brit. Mus.,</subfield><subfield code="c">p. 292 ; 273</subfield></datafield><datafield tag="520" ind1="8" ind2=" "><subfield code="a">Elegant early copy of the five mesnevis of Mir Ali Şîr Nevâî (d.1501), including Ḣaĭratul-abror (حيرت الابرار / Ḥayrat al-abrār), Farhād va Shīrīn (فرهاد و شيرين, entitled Khusraw va Shīrīn in headpiece, see p.108), Laĭli va Mazhnun (ليلى و مجنون / Laylī va majnūn), Saddi Iskandariĭ (سد اسكندرى / Sadd-i Iskandarī, here entitled Iskandarnāmah, see pp.347-8) and Sabʺai saĭër (سبعه سياره / Sabʻa-yi sayyār, here entitled Haft paykar, see pp.531-2).</subfield></datafield><datafield tag="538" ind1=" " ind2=" "><subfield code="a">Mode of access: Internet.</subfield></datafield><datafield tag="541" ind1=" " ind2=" "><subfield code="c">Purchase ;</subfield><subfield code="a">Acquired by purchase (funds donated by Horace Rackham).</subfield><subfield code="d">1924.</subfield></datafield><datafield tag="546" ind1=" " ind2=" "><subfield code="a">Chagatai.</subfield></datafield><datafield tag="561" ind1=" " ind2=" "><subfield code="a">Ownership statements in name of Shaykh Ṣanʻān (Şeyh Sanan) on incipit page of opening work and 'title pages' of following works (see p.107, 257, 347, 531), statement typically reads "خمسۀ نواى صاحب شيخ صنعان خطيب دركزين" ; ownership statement dated 25 Dhū al-Ḥijjah [?] 1235 [ca. 3 October 1820] on 'title page' of second work (p.107) in name of one Zīvar (Ziver / زیور), repeated at close on p.654 and accompanied by oval seal impression ; occasional glosses.</subfield></datafield><datafield tag="650" ind1=" " ind2="0"><subfield code="a">Manuscripts, Chagatai</subfield><subfield code="z">Michigan</subfield><subfield code="z">Ann Arbor.</subfield></datafield><datafield tag="650" ind1=" " ind2="0"><subfield code="a">Chagatai poetry</subfield><subfield code="v">Early works to 1800.</subfield></datafield><datafield tag="655" ind1=" " ind2="7"><subfield code="a">Headpieces (layout features)</subfield><subfield code="y">15th century.</subfield><subfield code="2">aat</subfield></datafield><datafield tag="700" ind1="0" ind2=" "><subfield code="a">Abdülhamid</subfield><subfield code="b">II,</subfield><subfield code="c">Sultan of the Turks,</subfield><subfield code="d">1842-1918,</subfield><subfield code="e">former owner.</subfield></datafield><datafield tag="700" ind1="0" ind2=" "><subfield code="6">880-07</subfield><subfield code="a">ʻAbd al-Salām ibn ʻAbd al-Ṣamad al-Marghīnānī al-Kāshgharī,</subfield><subfield code="d">fl. 1485,</subfield><subfield code="e">scribe.</subfield></datafield><datafield tag="773" ind1="0" ind2=" "><subfield code="a">Abdul Hamid Collection.</subfield></datafield><datafield tag="880" ind1="0" ind2=" "><subfield code="6">700-07/</subfield><subfield code="a">عبد السلام ابن عبد الصمد المرغينانى الكاشغرى,</subfield><subfield code="e">ناسخ.</subfield></datafield><datafield tag="880" ind1="1" ind2="0"><subfield code="6">245-03/</subfield><subfield code="a">خمسۀ نواى,</subfield><subfield code="f">[ح. 890ه، 1485م].</subfield></datafield><datafield tag="880" ind1="1" ind2="0"><subfield code="6">240-02/</subfield><subfield code="a">خمسه</subfield></datafield><datafield tag="880" ind1="0" ind2=" "><subfield code="6">100-01/</subfield><subfield code="a">مير على شير نوائ.</subfield></datafield><datafield tag="CID" ind1=" " ind2=" "><subfield code="a">006813678</subfield></datafield><datafield tag="DAT" ind1="0" ind2=" "><subfield code="a">20190719102638.0</subfield><subfield code="b">20190719000000.0</subfield></datafield><datafield tag="DAT" ind1="1" ind2=" "><subfield code="a">20190719090653.0</subfield><subfield code="b">2019-07-19T16:11:56Z</subfield></datafield><datafield tag="DAT" ind1="2" ind2=" "><subfield code="a">2015-10-02T18:00:03Z</subfield></datafield><datafield tag="CAT" ind1=" " ind2=" "><subfield code="a">SDR-MIU</subfield><subfield code="d">EX LIBRIS - ALEPH</subfield><subfield code="l">prepare.pl-004-008</subfield></datafield><datafield tag="FMT" ind1=" " ind2=" "><subfield code="a">BK</subfield></datafield><datafield tag="HOL" ind1=" " ind2=" "><subfield code="0">sdr-miu006813678</subfield><subfield code="a">MiU</subfield><subfield code="b">SDR</subfield><subfield code="c">MIU</subfield><subfield code="p">mdp.39015079128602</subfield><subfield code="s">MIU</subfield><subfield code="1">006813678</subfield></datafield><datafield tag="974" ind1=" " ind2=" "><subfield code="b">MIU</subfield><subfield code="c">MIU</subfield><subfield code="d">20190719</subfield><subfield code="s">lit-dlps-dc</subfield><subfield code="u">mdp.39015079128602</subfield><subfield code="y">1485</subfield><subfield code="r">pd</subfield><subfield code="q">bib</subfield><subfield code="t">non-US bib date1 &lt; 1896</subfield></datafield></record></collection>